@online{jmri:web,
    title  = {JMRI: A Java Model Railroad Interface},
    url    = {http://jmri.sourceforge.net/},
    urldate = {2018-05-25},
    year = {2018}
}

@online{traincontroller:web,
    title  = {Freiwald Software: TrainController},
    url    = {http://www.freiwald.com/pages/traincontroller.htm},
    urldate = {2018-05-25},
    year = {2018}
}

@online{modeljop:web,
    title  = {modelJOP: software pro řízení provozu digitálního kolejiště dle ZTP-JOP},
    url    = {http://www.modeljop.cz/},
    urldate = {2018-05-25},
    year = {2018}
}

@online{z21:web,
    title  = {Z21: digital model railway control system},
    url    = {http://www.z21.eu/},
    urldate = {2018-05-25},
    year = {2018}
}

@online{nanox:web,
    title  = {Paco's Official Web Site: NanoX},
    url    = {http://usuaris.tinet.cat/fmco/download_en.html},
    urldate = {2018-05-25},
    year = {2018}
}

@online{intellibox:web,
    title  = {Uhlenbrock Elektronik: Intellibox II},
    url    = {https://www.uhlenbrock.de/de_DE/produkte/digizen/I000C67D-001.htm},
    urldate = {2018-05-25},
    year = {2018}
}

@online{hjop:web,
    title  = {hJOP -- Komplexní řízení modelového kolejiště dle ZTP-JOP},
    url    = {http://hjop.kmz-brno.cz/},
    urldate = {2018-03-24},
    year = {2018}
}

@online{accutrackII,
    title  = {ACCUTRACK II Speedometer},
    url    = {http://www.sprog.us.com/speedo.html},
    urldate = {2018-03-24},
    year = {2018}
}

@online{bd20,
    title  = {BD20 Block Detector},
    url    = {https://ncedcc.zendesk.com/hc/en-us/articles/201254549-BD20-Block-Detector},
    urldate = {2018-03-24},
    year = {2018}
}

@online{jmri:speedometer,
    title  = {JMRI Speedometer},
    url    = {http://jmri.sourceforge.net/help/en/html/tools/speedometer/NCE-Speedometer.shtml},
    urldate = {2018-03-24},
    year = {2018}
}

@online{bachrus,
    title  = {Bachrus: Model Train Speedometer},
    url    = {https://www.bachrus.com/speedometer.php},
    urldate = {2018-03-24},
    year = {2018}
}
